@misc{web:SIPLIB1,
  author = {Shabbir Ahmed and Renan Garcia and Lewis Ntaimo and Gyana Parija and Feng Qiu and Suvrajeet Sen},
  title = {{SIPLIB: A Stochastic Integer Programming Test Problem Library}},
  howpublished = "\url{http://www.isye.gatech.edu/~sahmed/siplib}",
  year = {2015}, 
  note = "Accessed 21 June 2018"
}

@misc{POSTS,
	author = {Derek Holmes and John Birge},
	title = {{POSTS: A Portable Stochastic Programming Test Set}},
	howpublished = "\url{http://users.iems.northwestern.edu/~jrbirge/html/dholmes/post.html}",
	year = {1993}, 
	note = "Accessed 21 June 2018"
}

@misc{POSTSresults,
	author = {Derek Holmes and John Birge},
	title = {{Computational Results (POSTS)}},
	howpublished = "\url{http://users.iems.northwestern.edu/~jrbirge/html/dholmes/POSTresults.html}",
	year = {}, 
	note = "Accessed 21 June 2018"
}

@misc{web:SPS,
	author = {},
	title = {{SPS - Stochastic Programming Society}},
	howpublished = "\url{https://stoprog.org/what-stochastic-programming}",
	year = {2012}, 
	note = "Accessed 21 June 2018"
}

@misc{bebop,
	author = {},
	title = {Bebop},
	howpublished = "\url{http://www.lcrc.anl.gov/systems/resources/bebop/}",
	year = {2017}, 
	note = "Accessed 21 June 2018"
}

@misc{web:SMI,
	author = {},
	title = {{SMI - Stochastic Modeling Interface}},
	howpublished = "\url{https://projects.coin-or.org/Smi}",
	year = {2012}, 
	note = "Accessed 21 June 2018"
}

@book{book:BL2011,
	author = {John R. Birge and Fran\c{c}ois Louveaux},
	title = {Introduction to Stochastic Programming},
	publisher = {Springer},
	year      = {2011},
	edition   = 2,
	isbn      = {978-1-4614-0236-7}
}

@book{book:pyomo,
	author = {Willian E. Hart and Carl Laird and {Watson, J.-P.} and David L. Woodruff},
	title = {{Pyomo - Optimization Modeling in Python}},
	publisher = {Springer},
	year      = {2012},
	edition   = {},
	isbn      = {978-1-4614-3226-5}
}

@article{journal:AG2004,
	author  = {Shabbir Ahmed and Renan Garcia}, 
	title   = {Dynamic capacity acquisition and assignment under uncertainty},
	journal = {Ann. Oper. Res.},
	year    = 2003,
	month   = 7,
	volume  = 124,
	number  = 1,
	pages   = {267-283}
}

@article{journal:KZ2015,
	author  = {Kibaek Kim and Victor M. Zavala}, 
	title   = {Algorithmic innovations and software for the dual decomposition method applied to stochastic mixed-integer programs},
	journal = {Math. Prog. Comp.},
	year    = 2018,
	month   = 6,
	volume  = 10,
	number  = 2,
	pages   = {225-266}
}


@article{journal:BEKS2017,
	author  = {Jeff Bezanson and Alan Edelman and Stefan Karpinski and Viral B. Shah}, 
	title   = {{Julia: A fresh approach to numerical computing}},
	journal = {SIAM Rev.},
	year    = 2017,
	month   = {},
	volume  = 59,
	number  = 1,
	pages   = {65-98}
}

@article{journal:JuMP,
	author	= {Iain Dunning and Joey Huchette and Miles Lubin},
	title	= {{JuMP: A modeling language for mathematical optimization}},
	journal = {SIAM Rev.},
	year	= 2017,
	month	= {},
	volume	= 59,
	number	= 2,
	pages	= {295-320}
}

@article{journal:WWH2012,
	author  = {{Watson, J.-P.} and David L. Woodruff and William E. Hart}, 
	title   = {{PySP: Modeling and solving stochastic programs in Python}},
	journal = {Math. Prog. Comp.},
	year    = 2012,
	month   = 6,
	volume  = 4,
	number  = 2,
	pages   = {109-149}
}

@misc{web:StructJuMP,
	author	= {},
	title	= {{StructJuMP: A block-structured optimization framework for JuMP}},
	howpublished = "\url{https://github.com/StructJuMP/StructJuMP.jl}",
	year	= {}, 
	note	= "Accessed 21 June 2018",
	URL		= "https://github.com/StructJuMP/StructJuMP.jl"
}

@article{journal:MPT2014,
	author  = {Francesca Maggioni and Guido Perboli and Roberto Tadei}, 
	title   = {The Multi-path Traveling Salesman Problem with Stochastic Travel Costs: Building Realistic Instances for City Logistics Applications},
	journal = {Transp. Res. Proced.},
	year    = 2014,
	month   = {},
	volume  = 3,
	number  = 2,
	pages   = {528-536}
}

@article{journal:PGM2017,
	author  = {Guido Perboli and Luca Gobbato and Francesca Maggioni}, 
	title   = {A progressive hedging method for the multi-path travelling salesman problem with stochastic travel times},
	journal = {IMA J. Manag. Math.},
	year    = 2017,
	month   = 1,
	volume  = 28,
	number  = 1,
	pages   = {65-86}
}

@article{journal:TPP2017,
	author  = {Francesca Maggioni and Guido Perboli and Roberto Tadei}, 
	title   = {The Multi-path Traveling Salesman Problem with Stochastic Travel Costs},
	journal = {EURO J. Transp. Logist.},
	year    = 2017,
	month   = 3,
	volume  = 6,
	number  = 1,
	pages   = {3-23}
}

@article{journal:LSD1990,
	author  = {Andre Langevin and Francois Soumis and Jacques Desrosiers}, 
	title   = {Classification of Travelling Salesman Problem Formulations},
	journal = {Oper. Res. Lett.},
	year    = 1990,
	month   = 3,
	volume  = 9,
	number  = 2,
	pages   = {127-132}
}

@article{journal:JSW1999,
	author  = {Soheila Jorjani and Carlton H. Scott and David L. Woodruff}, 
	title   = {Selection of an optimal subset of sizes},
	journal = {Int. J. Prod. Res.},
	year    = 1999,
	month   = {},
	volume  = 37,
	number  = 16,
	pages   = {3697-3710}
}

@unpublished{GG1978,
	author       = {Bezalel Gavish and Stephen C. Graves}, 
	title        = {The travelling salesman problem and related problems},
	note         = {MIT Operations Research Center Working Paper},
	month        = 7,
	year         = 1978
}

@article{journal:AAD2014,
	author  = {Gustavo Angulo and Shabbir Ahmed and Santanu S. Dey}, 
	title   = {{Improving the integer L-shaped method}},
	journal = {INFORMS J. Comput.},
	year    = 2016,
	month   = 5,
	volume  = 28,
	number  = 3,
	pages   = {483-499}
}

@article{journal:PO2013,
	author  = {Anthony Papavasiliou and Shmuel S. Oren}, 
	title   = {Multiarea Stochastic Unit Commitment for High Wind Penetration in a Transmission Constrained Network},
	journal = {Oper. Res.},
	year    = 2013,
	month   = {5-6},
	volume  = 61,
	number  = 3,
	pages   = {578-592}
}

@article{journal:KYZC2017,
	author  = {Kibaek Kim and Fan Yang and Victor M. Zavala and Andrew A. Chien}, 
	title   = {Data Centers as Dispatchable Loads to Harness Stranded Power},
	journal = {IEEE Trans. Sustain. Energy},
	year    = 2017,
	month   = {1},
	volume  = 8,
	number  = 1,
	pages   = {208-218}
}

@article{journal:NS2005,
	author  = {Lewis Ntaimo and Suvrajeet Sen}, 
	title   = {{The million-variable ``March'' for stochastic combinatorial optimization}},
	journal = {J. Glob. Optim.},
	year    = 2005,
	month   = {1},
	volume  = 32,
	number  = 3,
	pages   = {385-400}
}

@article{MIPLIB,
	author  = {Thorsten Koch and Tobias Achterberg and Erling Andersen and Oliver Bastert and Timo Berthold and Robert E. Bixby and Emilie Danna and Gerald Gamrath and Ambros M. Gleixner and Stefan Heinz and Andrea Lodi and Hans Mittelmann and Ted Ralphs and Domenico Salvagnin and Daniel E. Steffy and Kati Wolter}, 
	title   = {{MIPLIB 2010}},
	journal = {Math. Prog. Comp.},
	year    = 2011,
	month   = {1},
	volume  = 3,
	number  = 2,
	pages   = {103-163},
	URL     = "http://miplib.zib.de/",
}

@article{LLMS2014,
	author  = {Changhyeok Lee and Cong Liu and Sanjay Mehrotra and Mohammad Shahidehpour}, 
	title   = {Modeling transmission line constraints in two-stage robust unit commitment problem},
	journal = {IEEE Trans. Power Syst.},
	year    = 2014,
	month   = {5},
	volume  = 29,
	number  = 3,
	pages   = {1221-1231}
}

@unpublished{SMPS,
	author       = {J. R. Birge and M. A. H. Demster and H. I. Gassman and E. A. Gunn and A. J. King and S. W. Wallace}, 
	title        = {A Standard Input Format for Multiperiod Stochastic Linear Programs},
	note         = {International Institute for Applied Systems Analysis Working Paper},
	month        = 7,
	year         = 1987
}

@article{journal:AF2004,
	author  = {K. A. Ariyawansa and Andrew J. Felt}, 
	title   = {On a new collection of stochastic linear programming test problems},
	journal = {INFORMS J. Comput.},
	year    = 2004,
	month   = 8,
	volume  = 16,
	number  = 3,
	pages   = {291-299},
	URL		= "https://www4.uwsp.edu/math/afelt/slptestset/download.html"
}

@misc{wecc,
	author = {},
	title = {{Western Electricity Coordinating Council (WECC) Data Set}},
	howpublished = "\url{https://www.wecc.biz/SystemAdequacyPlanning/Pages/Datasets.aspx }",
	year = {}, 
	note = "Accessed 21 June 2018"
}

@article{journal:CS1999,
	author  = {Claus C. Car{\o}e and RÃ¼diger Schultz}, 
	title   = {Dual decomposition in stochastic integer programming},
	journal = {Oper. Res. Lett.},
	year    = 1999,
	month   = 2,
	volume  = 24,
	number  = {1-2},
	pages   = {37-46}
}

@article{journal:RW1991,
	author  = {R. T. Rockafellar and {Wets, R.J.-B.}}, 
	title   = {Scenarios and Policy Aggregation in Optimization Under Uncertainty},
	journal = {Math. Oper. Res.},
	year    = 1991,
	month   = 2,
	volume  = 16,
	number  = 1,
	pages   = {119-147}
}

@article{journal:B1962,
	author  = {J. F. Benders}, 
	title   = {Partitioning procedures for solving mixed-variables programming problems},
	journal = {Numerische Mathematik},
	year    = 1962,
	month   = {},
	volume  = 4,
	number  = 1,
	pages   = {238-252}
}

@article{journal:LL1993,
	author  = {Gilbert Laporte and Fran\c{c}ois V. Louveaux}, 
	title   = {The integer L-shaped method for stochastic integer programs with complete recourse},
	journal = {Oper. Res. Lett.},
	year    = 1993,
	month   = 4,
	volume  = 13,
	number  = 3,
	pages   = {133-142}
}

@article{journal:CT1998,
	author  = {Claus C. Car{\o}e and J{\o}rgen Tind}, 
	title   = {L-shaped decomposition of two-stage stochastic programs with integer recourse},
	journal = {Math. Program.},
	year    = 1998,
	month   = {},
	volume  = 83,
	number  = {1-3},
	pages   = {451-464}
}

@article{journal:DF1995,
	author  = {Steven P. Dirske and Michael C. Ferris}, 
	title   = {{MCPLIB}: A Collection of Nonlinear Mixed Complementarity Problems},
	journal = {Optim. Methods Softw.},
	year    = 1995,
	month   = {},
	volume  = 5,
	number  = 4,
	pages   = {319-345}
}

@article{journal:SF2002,
	author  = {Hanif D. Sherali and Barbara M. P. Fraticelli}, 
	title   = {A Modification of Benders Decomposition Algorithm for Discrete Subproblems: An Approach for Stochastic Programs with Integer Recourse},
	journal = {J. Glob. Optim.},
	year    = 2002,
	month   = {},
	volume  = 22,
	number  = {1-4},
	pages   = {319-342}
}

@article{journal:SSV1998,
	author  = {Rudigert Sch\"{u}ltz and Leen Stougie and Maarten H. van der Vlerk}, 
	title   = {Solving Stochastic Programs with Integer Recourse by Enumeration: A Framework using Gr\"{o}bner Basis Reductions},
	journal = {Math. Program.},
	year    = 1998,
	month   = 10,
	volume  = 83,
	number  = 2,
	pages   = {229-252}
}

@article{journal:DMW2015,
	author  = {Santanu S. Dey and Marco Molinaro and Qianyi Wangk}, 
	title   = {Approximating polyhedra with sparse inequalities},
	journal = {Math. Program., Ser. B},
	year    = 2015,
	month   = 12,
	volume  = 154,
	number  = {1-2},
	pages   = {329-352}
}

@article{journal:DIM2015,
	author  = {Santanu S. Dey and Andres Iroumea and Marco Molinaro}, 
	title   = {Some lower bounds on sparse outer approximations of polytopes},
	journal = {Oper. Res. Lett.},
	year    = 2015,
	month   = 5,
	volume  = 43,
	number  = 3,
	pages   = {323-328}
}